@article{zhao2024flexible,
  title     = {Flexible High-Level Synthesis Library for Linear Transformations},
  author    = {Zhao, Wuqiong and Li, Changhan and Ji, Zhenhao and Guo, Zhichen and Chen, Xuanbo and You, You and Huang, Yongming and You, Xiaohu and Zhang, Chuan},
  journal   = {IEEE Transactions on Circuits and Systems {II}: Express Briefs},
  volume    = {71},
  number    = {7},
  pages     = {3348--3352},
  year      = {2024},
  month     = jul,
  publisher = {IEEE}
}
